% Encoding: UTF-8

@Misc{example,
  author = {John Doe},
  title  = {{Example Title}},
  year   = {2020},
  note   = {{Optional Note}},
  url    = {https://example.org/},
}

@Comment{jabref-meta: databaseType:bibtex;}
